-
:20:STARTUMSE
:25:20752041/0291593375
:28C:00000/001
:60F:C181126EUR13564,13
:61:1811271127DR119,35NDDTNONREF
:86:basically some information here
lots of information
then some
:61:1811271127DR16,69NDDTNONREF
:86:Lorem ipsum dolor sit amet, consetetur sadipscing elitr, seda
diam nonumy eirmod tempor invidunt ut labore et dolore magna alda
quyam erat, sed diam voluptua. At vero eos et accusam et justo da
uo dolores et ea rebum. Stet clita kasd gubergren, no sea takimat
a sanctus est Lorem ipsum dolor sit amet.
:61:1811271127DR5,00N033NONREF
:86:a lot of information again
very important indeed
but totally conformant
however, some ümläuté and öther stüff för some rëäsön
which the bank didn't escape
:62F:C181127EUR13523,09
