This is an example file

The actual example starts after the dotted line.
- - - - - - - - - -  - - - - - - - - - - - - - - - - - - - - - - - - - - - - - - - - - - - - - - - - - - - - 

:20:3996-11.11.11111
:25:DABADKKK/1111.11.11111
:28C:00147/001
:60F:C100311NOK94372951,20
:86:For your inform. IBAN no.: NO1111111111111
:86:DABADKKK                                              
:86:1111.11.11111
:86:DANSKE BANK                        HOLMENS KANAL 2-12
:61:1003230323DK5968,64NTRFOverforing med//melding
:86:Overforing med melding / DBTS 1234365263
:61:1003230323DK5906,03NTRFOverforing m/KID
:86:DBTS 1234362788
:62F:C100323NOK94361076,53
:64:C100323NOK94361076,53
:20:3996-11.11.11111
:25:DABADKKK/1111.11.11111
:28C:00148/001
:60F:C100323NOK94361076,53
:86:For your inform. IBAN no.: NO1111111111111
:86:DABADKKK                                              
:86:1111.11.11111
:86:DANSKE BANK                        HOLMENS KANAL 2-12
:61:1003260326DK67731,00NTRFOverforing m/KID
:86:DBT.Faktura 12345 -pakke
:61:1003260326CK104104,00NTRFSumpost OCR-//11111111111
:86:Sumpost OCR- 11111111111
:62F:C100326NOK94397449,53
:64:C100326NOK94397449,53
:20:3996-11.11.11111
:25:DABADKKK/1111.11.11111
:28C:00149/001
:60F:C100326NOK94397449,53
:86:For your inform. IBAN no.: NO1111111111111
:86:DABADKKK                                              
:86:1111.11.11111
:86:DANSKE BANK                        HOLMENS KANAL 2-12
:61:1003300330CK484900,00NTRFSumpost OCR-//22222222222
:86:Sumpost OCR- 22222222222
:62F:C100330NOK94882349,53
:64:C100330NOK94882349,53
:20:3996-11.11.11111
:25:DABADKKK/1111.11.11111
:28C:00150/001
:60F:C100330NOK94882349,53
:86:For your inform. IBAN no.: NO1111111111111
:86:DABADKKK                                              
:86:1111.11.11111
:86:DANSKE BANK                        HOLMENS KANAL 2-12
:61:1004010331DK143,60NCHGGebyrer i folge//nota
:86:Gebyrer i folge nota
:61:1004010331CK440525,65FINTRente
:62F:C100331NOK95322731,58
:64:C100331NOK94882349,53
:20:3996-11.11.11111
:25:DABADKKK/1111.11.11111
:28C:00151/001
:60F:C100331NOK95322731,58
:86:For your inform. IBAN no.: NO1111111111111
:86:DABADKKK                                              
:86:1111.11.11111
:86:DANSKE BANK                        HOLMENS KANAL 2-12
:61:1004060406DK681920,00NTRFOverforing med//melding
:86:Overforing med melding / DBT.MVA 1T2010
:61:1004060406CK562279,00NTRFSumpost OCR-//33333333333
:86:Sumpost OCR- 33333333333
:61:1004060406CK1846647,00NTRFSumpost OCR-//44444444444
:86:Sumpost OCR- 44444444444
:62F:C100406NOK97049737,58
:64:C100406NOK97049737,58
:20:3996-11.11.11111
:25:DABADKKK/1111.11.11111
:28C:00152/001
:60F:C100406NOK97049737,58
:86:For your inform. IBAN no.: NO1111111111111
:86:DABADKKK                                              
:86:1111.11.11111
:86:DANSKE BANK                        HOLMENS KANAL 2-12
:61:1004070407DK134766,25NTRFOverforing m/KID
:86:DBT.Fakt 123
:61:1004070407DK134154,00NTRFOverforing m/KID
:86:DBT.Faktura 1234
:61:1004070407DK101525,00NTRFOverforing m/KID
:86:DBT.faktura 12345
:61:1004070407DK31809,00NTRFOverforing m/KID
:86:DBT.Faktura 123456
:61:1004070407DK31250,00NTRFOverforing m/KID
:86:DBT.Faktura1234567
:61:1004070407DK30278,00NTRFOverforing m/KID
:86:DBT.Faktura 12345678
:62F:C100407NOK96585955,33
:64:C100407NOK96585955,33
:20:3996-11.11.11111
:25:DABADKKK/1111.11.11111
:28C:00153/001
:60F:C100407NOK96585955,33
:86:For your inform. IBAN no.: NO1111111111111
:86:DABADKKK                                              
:86:1111.11.11111
:86:DANSKE BANK                        HOLMENS KANAL 2-12
:61:1004080408CK16231,00NTRFSumpost OCR-//55555555555
:86:Sumpost OCR- 55555555555
:62F:C100408NOK96602186,33
:64:C100408NOK96602186,33
:20:3996-11.11.11111
:25:DABADKKK/1111.11.11111
:28C:00154/001
:60F:C100408NOK96602186,33
:86:For your inform. IBAN no.: NO1111111111111
:86:DABADKKK                                              
:86:1111.11.11111
:86:DANSKE BANK                        HOLMENS KANAL 2-12
:61:1004090409CK339596,00NTRFSumpost OCR-//66666666666
:86:Sumpost OCR- 66666666666
:62F:C100409NOK96941782,33
:64:C100409NOK96941782,33
:20:3996-11.11.11111
:25:DABADKKK/1111.11.11111
:28C:00155/001
:60F:C100409NOK96941782,33
:86:For your inform. IBAN no.: NO1111111111111
:86:DABADKKK                                              
:86:1111.11.11111
:86:DANSKE BANK                        HOLMENS KANAL 2-12
:61:1004120412DK101946,00NTRFOverforing m/KID
:86:DBT.Faktura  123
:61:1004120412DK11834,00NTRFOverforing m/KID
:86:DBT.Faktura1234
:62F:C100412NOK96828002,33
:64:C100412NOK96828002,33
:20:3996-11.11.11111
:25:DABADKKK/1111.11.11111
:28C:00156/001
:60F:C100412NOK96828002,33
:86:For your inform. IBAN no.: NO1111111111111
:86:DABADKKK                                              
:86:1111.11.11111
:86:DANSKE BANK                        HOLMENS KANAL 2-12
:61:1004130413DK128593,75NTRFOverforing uten//melding
:86:Overforing uten melding / DBT.Feil v bilag 5-2008
:62F:C100413NOK96699408,58
:64:C100413NOK96699408,58
:20:3996-11.11.11111
:25:DABADKKK/1111.11.11111
:28C:00157/001
:60F:C100413NOK96699408,58
:86:For your inform. IBAN no.: NO1111111111111
:86:DABADKKK                                              
:86:1111.11.11111
:86:DANSKE BANK                        HOLMENS KANAL 2-12
:61:1004140414CK5968,64NSTOOverforing//001120971
:86:Overforing 111111111 / 13.05.2008
Your referance: 13.05.2008
Senders name
Adress
Postal code and City
:62F:C100414NOK96705377,22
:64:C100414NOK96705377,22
:20:3996-11.11.11111
:25:DABADKKK/1111.11.11111
:28C:00158/001
:60F:C100414NOK96705377,22
:86:For your inform. IBAN no.: NO1111111111111
:86:DABADKKK                                              
:86:1111.11.11111
:86:DANSKE BANK                        HOLMENS KANAL 2-12
:61:1004150415CK30278,00NTRFSumpost OCR-//77777777777
:86:Sumpost OCR- 77777777777
:62F:C100415NOK96735655,22
:64:C100415NOK96735655,22
:20:3996-11.11.11111
:25:DABADKKK/1111.11.11111
:28C:00159/001
:60F:C100415NOK96735655,22
:86:For your inform. IBAN no.: NO1111111111111
:86:DABADKKK                                              
:86:1111.11.11111
:86:DANSKE BANK                        HOLMENS KANAL 2-12
:61:1004160416CK19945,00NTRFSumpost OCR-//88888888888
:86:Sumpost OCR- 88888888888
:62F:C100416NOK96755600,22
:64:C100416NOK96755600,22

