This is an examplefile

The actual example start after the line with dashes.

------------------------------
:20:3996-1234567890
:25:DABADKKK/1234567890
:28C:00001/001
:60F:C090924DKK2478926,70
:86:For your inform. IBAN no.: DK5030001234567890
:86:DABADKKK                                                 
:86:1234567890
:86:DANSKE BANK                        HOLMENS KANAL 2-12
:61:0909290929DK829419,78NTRFDansken
:61:0910010930DK2214,00NCHGGebyrer ifolge//nota
:86:Gebyrer ifolge nota
:61:0909250925DK281,25NMSCDBT.dansken//momsmanual
:86:DBT.dansken momsmanual
:61:0909250925DK50,00NMSCDBT.DB  -//70201234
:86:DBT.DB  - 70201234
:61:0909250925DK50,00NMSCDBT.DB  70201234
:61:0909300929CK2000,00NMSCDB faktura//1234567
:86:DB faktura 1234567
Testkunde
HOLMENS KANAL 2-12
1192  KOBENHAVN H
:61:0910010930CK5183,49FINTRente
:62F:C090930DKK1654095,16
:64:C090930DKK1651125,67
:20:3996-1234567890
:25:DABADKKK/1234567890
:28C:00002/001
:60F:C090930DKK1654095,16
:86:For your inform. IBAN no.: DK5030001234567890
:86:DABADKKK                                                 
:86:1234567890
:86:DANSKE BANK                        HOLMENS KANAL 2-12
:61:0910011001DK73561,41NTRFOverfort til://MasterCard
:86:Overfort til: MasterCard
:61:0910011001DK2204,00NMSCDanske Bank A/S
:61:0910021001CK993,75NMSCDanske Banksyste//m A/
:86:Danske Banksystem A/
Testkunde
Testkunde
HOLMENS KANAL 2-12
1192  KOBENHAVN H
:62F:C091001DKK1579323,50
:64:C091001DKK1578329,75
:20:3996-1234567890
:25:DABADKKK/1234567890
:28C:00003/001
:60F:C091001DKK1579323,50
:86:For your inform. IBAN no.: DK5030001234567890
:86:DABADKKK                                                 
:86:1234567890
:86:DANSKE BANK                        HOLMENS KANAL 2-12
:61:0910021002DK45161,88NMSCTeleService//1111252358
:86:TeleService 1111252358
:61:0910021002DK41581,45NMSCDBT.testkund//test
:86:DBT.testkund test
:61:0910021002DK27259,00NMSCDBT.danske//finans
:86:DBT.danske finans
:61:0910021002DK12398,75NMSCDBT.banktesten--//-
:86:DBT.banktesten---
:61:0910021002DK10625,00NMSCDBT.F.M.T//v/teste kunden
:86:DBT.Testkunde
V/TESTKUNDE
HOLMENS KANAL 2-12
1192  KOBENHAVN H
:61:0910021002DK4600,70NMSCDBT.Testkunde
:61:0910021002DK3547,60NMSCTeleService//1111252371
:86:TeleService 1111252371
:61:0910021002DK3260,00NMSCDBT.TestBankeser//vice
:86:DBT.TestBankeservice
:61:0910021002DK3225,00NMSCDBT.Testkunde
:61:0910021002DK2805,90NMSCDBT.Danskeah
:61:0910021002DK2482,09NMSCDBT.Testkunde
:61:0910021002DK2130,50NMSCDBT.Testkunde
:61:0910021002DK1813,50NMSCDBT.Testkunde
:61:0910021002DK1546,50NMSCDBT.Tester//Kundens d Nie
:86:DBT.Tester Kundens d Nie
4200 12345687890
:61:0910021002DK656,25NMSCTeleService//1111252360
:86:TeleService 1111252360
:61:0910021002DK314,00NMSCDBT.testkund//test
:86:DBT.testkund test
:62F:C091002DKK1415915,38
:64:C091002DKK1415915,38
:20:3996-1234567890
:25:DABADKKK/1234567890
:28C:00004/001
:60F:C091002DKK1415915,38
:86:For your inform. IBAN no.: DK5030001234567890
:86:DABADKKK                                                 
:86:1234567890
:86:DANSKE BANK                        HOLMENS KANAL 2-12
:61:0910051005DK22522,25NMSCDBT.Bank
:61:0910051005DK18281,25NMSCDBT.DB Adm. og//regnskab
:86:DBT.DB Adm. og regnskab
3191 3191602358
:61:0910051005DK14750,00NMSCDBT.Danskeu
:61:0910051005DK5663,00NMSCDBT.Udleg RM
:61:0910051005DK4250,00NMSCDBT.F.M.T Testkunde//v/nn
:86:DBT.F.M.T Testkunde
V/nn
HOLMENS KANAL 2-12
1192  KOBENHAVN H
:61:0910051005DK3383,40NMSCDBT.1111252369
:61:0910051005DK3131,00NMSCDBT.Testkunde
:61:0910051005DK1778,00NMSCDBT.DB  udleg
:86:4440 3339054894
:61:0910051005DK560,00NMSCDBT.Testkunde
:62F:C091005DKK1341596,48
:64:C091005DKK1341596,48
:20:3996-1234567890
:25:DABADKKK/1234567890
:28C:00005/001
:60F:C091005DKK1341596,48
:86:For your inform. IBAN no.: DK5030001234567890
:86:DABADKKK                                                 
:86:1234567890
:86:DANSKE BANK                        HOLMENS KANAL 2-12
:61:0910061006DK494402,67NMSCDBT.5072252359
:61:0910061006CK3260,00NMSC6160 0004722555
:62F:C091006DKK850453,81
:64:C091006DKK850453,81
:20:3996-1234567890
:25:DABADKKK/1234567890
:28C:00006/001
:60F:C091006DKK850453,81
:86:For your inform. IBAN no.: DK5030001234567890
:86:DABADKKK                                                 
:86:1234567890
:86:DANSKE BANK                        HOLMENS KANAL 2-12
:61:0910071007DK3317,10NMSCDBT.1111252372
:62F:C091007DKK847136,71
:64:C091007DKK847136,71
:20:3996-1234567890
:25:DABADKKK/1234567890
:28C:00007/001
:60F:C091007DKK847136,71
:86:For your inform. IBAN no.: DK5030001234567890
:86:DABADKKK                                                 
:86:1234567890
:86:DANSKE BANK                        HOLMENS KANAL 2-12
:61:0910091009DK58379,48NMSCDBT.1111252361
:61:0910091009DK24187,50NMSCDBT.fdm T.Kund//ers.
:86:DBT.fdm T.Kund ers.
Test
HOLMENS KANAL 2-12
1192  KOBENHAVN H
:61:0910091009DK19027,65NMSCDBT.Testkunde
:86:DBT.Testkunde
4205 4205042008
:61:0910091009DK11071,83NMSCDBT.Testkunde
:61:0910091009DK10550,00NMSCDBT.Testkunde
:61:0910091009DK3800,00NMSCDBT.Testkundetes//tkunde
:86:DBT.TestkundeTestkunde
:61:0910091009DK3435,25NMSCDBT.Testkunde
:61:0910091009DK3260,00NMSCDBT.db  Testkunde
:86:DBT.db  Testkunde
:61:0910091009DK3240,00NMSCDBT.Testkunde
:61:0910091009DK1758,75NMSCDBT.Testkunde
:61:0910091009DK1487,50NMSCDBT.1111252363
:61:0910091009DK270,50NMSCDBT.kunde
:61:0910091009DK245,00NMSCDBT.Dansk//Testkunde
:86:DBT.Dansk Testkunde
:61:0910091009DK178,27NMSCDBT.1111252364
:61:0910091009DK176,25NMSCDBT.Testkunde
:61:0910091009DK16,00NMSCDBT.1111252370
:62F:C091009DKK706052,73
:64:C091009DKK706052,73
:20:3996-1234567890
:25:DABADKKK/1234567890
:28C:00008/001
:60F:C091009DKK706052,73
:86:For your inform. IBAN no.: DK5030001234567890
:86:DABADKKK                                                 
:86:1234567890
:86:DANSKE BANK                        HOLMENS KANAL 2-12
:61:0910121012DK748,75NMSCDBT.Testkunde
:61:0910121012DK226,50NMSCDBT.kunde
:62F:C091012DKK705077,48
:64:C091012DKK705077,48
:20:3996-1234567890
:25:DABADKKK/1234567890
:28C:00009/001
:60F:C091012DKK705077,48
:86:For your inform. IBAN no.: DK5030001234567890
:86:DABADKKK                                                 
:86:1234567890
:86:DANSKE BANK                        HOLMENS KANAL 2-12
:61:0910131013DK1408,75NMSCDBT.5072252362
:61:0910131013DK322,00NMSCDBT.Testkunde
:61:0910131013DK187,98NMSCDBT.Testkunde
:62F:C091013DKK703158,75
:64:C091013DKK703158,75
:20:3996-1234567890
:25:DABADKKK/1234567890
:28C:00010/001
:60F:C091013DKK703158,75
:86:For your inform. IBAN no.: DK5030001234567890
:86:DABADKKK                                                 
:86:1234567890
:86:DANSKE BANK                        HOLMENS KANAL 2-12
:61:0910141014DK29340,90NTRFTestkunde
:61:0910141014DK21626,08NMSCDBT.Testkunde
:61:0910141014DK12834,38NMSCDBT.Testkunde
:61:0910141014DK7215,00NMSCDBT.Testkunde
:86:Testkunde
Adresse
8600  SILKEBORG
:61:0910141014DK3925,87NMSCDBT.1111252368
:61:0910141014DK1248,28NMSCDBT.1111252367
:61:0910141014DK260,85NMSCDBT.Testkunde
:62F:C091014DKK626707,39
:64:C091014DKK626707,39
:20:3996-1234567890
:25:DABADKKK/1234567890
:28C:00011/001
:60F:C091014DKK626707,39
:86:For your inform. IBAN no.: DK5030001234567890
:86:DABADKKK                                                 
:86:1234567890
:86:DANSKE BANK                        HOLMENS KANAL 2-12
:61:0910151015DK12000,00NMSCDBT.DB  net
:61:0910151015DK1327,58NMSCDBT.Testkunde
:86:Testkunde
HOLMENS KANAL 2-12
1192  KOBENHAVN H
:61:0910151015DK1250,00NMSCDBT.Danske//Kunder
:86:DBT.Danske Kunder
:62F:C091015DKK612129,81
:64:C091015DKK612129,81
:20:3996-1234567890
:25:DABADKKK/1234567890
:28C:00012/001
:60F:C091015DKK612129,81
:61:0910161016DK182618,94NMSCDBT.DBC Data
:61:0910161016DK59500,00NMSCDBT.teste kunden
:86:F.M.T.
V/TESTE KUNDEN
HOLMENS KANAL 2-12
1192  KOBENHAVN H
:61:0910161016DK46875,00NMSCDBT.db
:61:0910161016DK13581,02NMSCDBT.dbc Testkund//e
:86:DBTS 5078078137/Bnf. DBC Testkunde BOX 1234/Bnf.acc. SE511200XXXX
013390111069/Our fee DKK 20,00/Foreign fee DKK 100,00/Exch. Rate
71,8400000
:61:0910161016DK7150,00NMSCDBT.danske//service
:86:DBT.danske service
:61:0910161016DK2984,67NMSCDBT.Bankfee//regul. EHI
:86:DBT.Bankfee regul. EHI
DANSKE BANK DK   II APS
C/O PETER NORDIC A/S
HOLMENS KANAL 2-12
1192  KOBENHAVN H
:61:0910161016DK2696,81NMSCDBT.Testkunde
:61:0910161016DK1086,00NMSCDBT.Testkunde
:61:0910161016DK897,00NMSCDBT.Testkunde
:61:0910161016DK812,50NMSCDBT.Testkunde
:61:0910161016DK525,00NMSCDBT.Testkunde
:86:Testkunde
PETER PARK
HOLMENS KANAL 2-12
1192  KOBENHAVN H
:61:0910161016DK406,25NMSCDBT.Testkunde
:86:Testkunde KONSORTIET I/S
Adresse
1601  KOBENHAVN V
:61:0910161016CK693325,00NMSCBankfee NAPF 2
:86:BANK DENMARK II APS
C/O PETER NORDIC A/S
HOLMENS KANAL 2-12
1192  KOBENHAVN H
:61:0910161016CK1054100,00NMSCBankfee NAPF 1
:86:BANK DENMARK APS
C/O PETER NORDIC A/S
HOLMENS KANAL 2-12
1192  KOBENHAVN H
:62M:C091016DKK2040421,62
:20:3996-1234567890
:25:DABADKKK/1234567890
:28C:00012/002
:60M:C091016DKK2040421,62
:86:For your inform. IBAN no.: DK5030001234567890
:86:DABADKKK                                                 
:86:1234567890
:86:DANSKE BANK                        HOLMENS KANAL 2-12
:61:0910161016CK2072226,11NMSCBankfee EHI 1
:86:DANSKE BANK MARK APS
C/O PETER NORDIC A/S
HOLMENS KANAL 2-12
1192  KOBENHAVN H
:62F:C091016DKK4112647,73
:64:C091016DKK4112647,73
:20:3996-1234567890
:25:DABADKKK/1234567890
:28C:00013/001
:60F:C091016DKK4112647,73
:86:For your inform. IBAN no.: DK5030001234567890
:86:DABADKKK                                                 
:86:1234567890
:86:DANSKE BANK                        HOLMENS KANAL 2-12
:61:0910191019DK332214,00NTRFLon
:61:0910191019DK530,25NMSCDBT.Testkunde
:86:DBT.Testkunde
:61:0910191019CK79798,00NMSC27208827 NEGATIV//MOM
:86:27208827 NEGATIV MOM
Navn
Adresse 
6950  RINGKOBING
:62F:C091019DKK3859701,48
:64:C091019DKK3859701,48
:20:3996-1234567890
:25:DABADKKK/1234567890
:28C:00014/001
:60F:C091019DKK3859701,48
:86:For your inform. IBAN no.: DK5030001234567890
:86:DABADKKK                                                 
:86:1234567890
:86:DANSKE BANK                        HOLMENS KANAL 2-12
:61:0910201020DK5312,50NMSCDBT.teste kunden
:86:F.M.T.
V/TESTE KUNDEN
HOLMENS KANAL 2-12
1192  KOBENHAVN H
:61:0910201020DK3009,51NMSCDBT.Pet Van Park
:86:DBTS 1111272333/Bnf. PET VAN PARK AMSTERDAM/Bnf.acc. NL47ABNAXXXX
558756/Our fee DKK 40,00/Foreign fee DKK 200,00
:62F:C091020DKK3851379,47
:64:C091020DKK3851379,47

