This is an example file

The actual example starts after the dotted line.
- - - - - - - - - -  - - - - - - - - - - - - - - - - - - - - - - - - - - - - - - - - - - - - - - - - - - - - 

:20:3996-11-11-11111
:25:DABADKKK/1111-11-11111
:28C:00001/001
:60F:C090924SEK2460347,64
:86:For your inform. IBAN no.: SE1111111111111111111111
:86:DABADKKK                                                       
:86:1111-11-11111
:86:DANSKE BANK                        HOLMENS KANAL 2-12
:61:0909300930DK360390,00NMSCDBT.Test
:61:0909300930DK126738,00NMSCDBTS 1234358124
:61:0909300930DK124549,00NMSCDBT.Test
:61:0909300930DK111051,00NMSCDBT.Test
:86:DBT.Test
:61:0909300930DK39815,37NMSCTill kortkto//11111111111
:86:Till kortkto 11111111111
:61:0909300930DK26576,00NMSCDBT.Test
:61:0909300930DK14099,00NMSCDBT.Test
:61:0909300930DK12225,00NMSCDBT.Test
:61:0909280928DK8183,00NMSCDBT.Test
:61:0909300930DK7300,00NMSCDBT.Test
:61:0909300930DK7110,00NMSCDBT.Test
:61:0909300930DK5738,00NMSCDBT.Test
:61:0909280928DK3705,00NMSCDBTS 12343
:61:0909280928DK3280,00NMSCDBT.Test//Test
:86:DBT.Test Test
:61:0909280928DK3141,70NMSCDBTS 1234
:61:0909300930DK2670,00NMSCDBT.Test
:61:0909250925DK2090,00NMSCDBTS 123456
:61:0909300930DK2076,25NMSCDBT.Test
:61:0909290929DK1770,00NMSCDBTS 1234567
:61:0909280928DK1344,00NMSCDBT.Test//Test
:86:DBT.Test Test
:61:0910010930DK866,00NCHGTest//Test
:86:Test//Test
:61:0909280928DK800,00NMSCDBT.Test//Test
:86:DBT.Test//Test
:61:0909300930DK542,50NMSCDBT.Test
:61:0909300930DK473,00NMSCDBT.Test
:61:0910010930CK5,79FINTRTest
:61:0910010930CK1987,00NMSCBGGIRERING//12345678
:86:BGGIRERING 12345678
:62F:C090930SEK1595807,61
:64:C090930SEK1594680,82
:20:3996-11-11-11111
:25:DABADKKK/1111-11-11111
:28C:00002/001
:60F:C090930SEK1595807,61
:86:For your inform. IBAN no.: SE1111111111111111111111
:86:DABADKKK                                                       
:86:1111-11-11111
:86:DANSKE BANK                        HOLMENS KANAL 2-12
:61:0910011001DK24999,23NMSCDBT.Test
:61:0910011001DK14063,00NMSCDBT.Test
:61:0910011001DK13661,00NMSCDBT.Test
:61:0910011001DK8980,00NMSCDBT.Test
:61:0910011001DK7800,00NMSCDBTS 12341234
:61:0910011001DK7346,00NMSCDBT.Test
:61:0910011001DK3410,00NMSCDBT.Test
:61:0910011001DK3203,00NMSCDBTS 12345678
:61:0910011001DK2588,00NMSCDBT.Test
:61:0910011001DK2309,00NMSCDBT.Test
:61:0910011001DK2046,00NMSCDBT.Test
:61:0910011001DK1958,00NMSCDBT.Test
:61:0910011001DK1938,00NMSCDBT.Test
:61:0910011001DK1253,00NMSCDBT.Test
:61:0910011001DK496,00NMSCDBT.Test
:61:0910011001DK459,00NMSCDBT.Test//Test
:86:DBT.Test Test
:61:0910011001DK369,00NMSCDBT.Test
:61:0910011001DK125,00NMSCDBT.Test
:62F:C091001SEK1498804,38
:64:C091001SEK1498804,38
:20:3996-11-11-11111
:25:DABADKKK/1111-11-11111
:28C:00003/001
:60F:C091001SEK1498804,38
:86:For your inform. IBAN no.: SE1111111111111111111111
:86:DABADKKK                                                       
:86:1111-11-11111
:86:DANSKE BANK                        HOLMENS KANAL 2-12
:61:0910021002DK13756,00NMSCDBT.Test
:61:0910021002DK10415,00NMSCDBT.Test
:61:0910021002DK8613,00NMSCDBT.Lon sep//Test
:86:DBT.Lon sep Test
:61:0910021002DK5981,00NMSCDBTS 1234512345
:62F:C091002SEK1460039,38
:64:C091002SEK1460039,38
:20:3996-11-11-11111
:25:DABADKKK/1111-11-11111
:28C:00004/001
:60F:C091002SEK1460039,38
:86:For your inform. IBAN no.: SE1111111111111111111111
:86:DABADKKK                                                       
:86:1111-11-11111
:86:DANSKE BANK                        HOLMENS KANAL 2-12
:61:0910051005DK9736,00NMSCUC111111111
:61:0910051005DK3551,00NMSCDBT.Test
:61:0910051005DK3476,00NMSCDBT.Test
:86:DBT.Test
:61:0910051005DK2653,00NMSCDBT.Test
:61:0910051005DK1045,00NMSCDBT.Test
:61:0910051005DK400,00NMSCDBT.Test//Test
:86:DBT.Test Test
:61:0910061005CK39392,50NMSCBGGIRERING//12345678
:86:BGGIRERING 12345678
:62F:C091005SEK1478570,88
:64:C091005SEK1439178,38
:20:3996-11-11-11111
:25:DABADKKK/1111-11-11111
:28C:00005/001
:60F:C091005SEK1478570,88
:86:For your inform. IBAN no.: SE1111111111111111111111
:86:DABADKKK                                                       
:86:1111-11-11111
:86:DANSKE BANK                        HOLMENS KANAL 2-12
:61:0910061006DK31692,50NMSCDBT.Test
:61:0910061006DK7700,00NMSCDBT.Test
:62F:C091006SEK1439178,38
:64:C091006SEK1439178,38
:20:3996-11-11-11111
:25:DABADKKK/1111-11-11111
:28C:00006/001
:60F:C091006SEK1439178,38
:86:For your inform. IBAN no.: SE1111111111111111111111
:86:DABADKKK                                                       
:86:1111-11-11111
:86:DANSKE BANK                        HOLMENS KANAL 2-12
:61:0910081008CK3215371,25NMSCTest//Test
:86:Test Test
:61:0910081008CK8709113,75NMSCNTest//Test
:86:Test Test
:62F:C091008SEK13363663,38
:64:C091008SEK13363663,38
:20:3996-11-11-11111
:25:DABADKKK/1111-11-11111
:28C:00007/001
:60F:C091008SEK13363663,38
:86:For your inform. IBAN no.: SE1111111111111111111111
:86:DABADKKK                                                       
:86:1111-11-11111
:86:DANSKE BANK                        HOLMENS KANAL 2-12
:61:0910091009DK451145,00NMSCDBT.Test
:61:0910091009DK33848,00NMSCDBT.Test
:61:0910091009DK9307,00NMSCDBT.Test
:61:0910091009DK4863,00NMSCDBT.Test//Test
:86:DBT.Test Test
:61:0910091009DK4132,00NMSCDBTS 1234512345
:61:0910091009DK2250,00NMSCDBT.Test
:61:0910091009DK1928,00NMSCDBTS 1234564789
:61:0910091009DK1467,40NMSCDBT.Test
:61:0910091009DK624,00NMSCDBT.Test
:61:0910091009DK614,00NMSCDBT.Test
:61:0910091009DK486,00NMSCDBT.Test
:62F:C091009SEK12852998,98
:64:C091009SEK12852998,98
:20:3996-11-11-11111
:25:DABADKKK/1111-11-11111
:28C:00008/001
:60F:C091009SEK12852998,98
:86:For your inform. IBAN no.: SE1111111111111111111111
:86:DABADKKK                                                       
:86:1111-11-11111
:86:DANSKE BANK                        HOLMENS KANAL 2-12
:61:0910121012DK11375,00NMSCDBT.Test
:61:0910121012DK9731,00NMSCDBT.Test
:61:0910121012DK6791,00NMSCDBTS 1234512345
:61:0910121012DK4260,00NMSCDBT.Test
:61:0910121012DK3850,00NMSCDBT.Test
:61:0910121012DK123,75NMSCDBT.Test
:62F:C091012SEK12816868,23
:64:C091012SEK12816868,23
:20:3996-11-11-11111
:25:DABADKKK/1111-11-11111
:28C:00009/001
:60F:C091012SEK12816868,23
:86:For your inform. IBAN no.: SE1111111111111111111111
:86:DABADKKK                                                       
:86:1111-11-11111
:86:DANSKE BANK                        HOLMENS KANAL 2-12
:61:0910151015DK9842,00NMSCDBT.Test
:61:0910151015DK1948,80NMSCDBT.Test
:61:0910151015DK688,00NMSCDBT.Test//Test
:86:DBT.Test Test
:61:0910151015DK576,00NMSCDBT.Test
:61:0910151015DK447,00NMSCDBT.Test
:61:0910151015DK233,00NMSCDBT.Test//Test
:86:DBT.Test Test
:61:0910151015DK96,00NMSCDBT.Test
:62F:C091015SEK12803037,43
:64:C091015SEK12803037,43
:20:3996-11-11-11111
:25:DABADKKK/1111-11-11111
:28C:00010/001
:60F:C091015SEK12803037,43
:86:For your inform. IBAN no.: SE1111111111111111111111
:86:DABADKKK                                                       
:86:1111-11-11111
:86:DANSKE BANK                        HOLMENS KANAL 2-12
:61:0910161016DK8019,00NMSCDBT.Test//Test
:86:DBT.Test Test
:61:0910161016DK5938,00NMSCDBT.Test
:61:0910161016DK2145,19NMSCDBTS 123445789
:61:0910161016DK1275,00NMSCDBT.Test
:61:0910191016CK6370,00NMSCBGGIRERING//1234123
:86:BGGIRERING 1234123
:62F:C091016SEK12792030,24
:64:C091016SEK12785660,24
:20:3996-11-11-11111
:25:DABADKKK/1111-11-11111
:28C:00011/001
:60F:C091016SEK12792030,24
:86:For your inform. IBAN no.: SE1111111111111111111111
:86:DABADKKK                                                       
:86:1111-11-11111
:86:DANSKE BANK                        HOLMENS KANAL 2-12
:61:0910191019DK800,00NMSCDBT.Test//Test
:86:DBT.Test
:62F:C091019SEK12791230,24
:64:C091019SEK12791230,24
:20:3996-11-11-11111
:25:DABADKKK/1111-11-11111
:28C:00012/001
:60F:C091019SEK12791230,24
:86:For your inform. IBAN no.: SE1111111111111111111111
:86:DABADKKK                                                       
:86:1111-11-11111
:86:DANSKE BANK                        HOLMENS KANAL 2-12
:61:0910201020DK755,00NMSCDBT.Test
:61:0910201020DK707,00NMSCDBTS 1234703742
:61:0910201020DK475,00NMSCDBT.Test
:61:0910201020CK1969,00NMSCTest//Test
:86:Test Test
:61:0910201020CK2321,00NMSCTest//Test
:86:Test Test
:61:0910201020CK4158,00NMSCTest//Test
:86:Test Test
:61:0910201020CK4979,00NMSCTest//Test
:86:Test Test
:61:0910201020CK6715,00NMSCTest//Test
:86:Test Test
:61:0910201020CK11825,00NMSCTest//Test
:86:Test Test
:61:0910201020CK11875,00NMSCTest//Test
:86:Test Test
:61:0910201020CK13106,00NMSCTest//Test
:86:Test Test
:61:0910201020CK15630,00NMSCTest//Test
:86:Test Test
:61:0910201020CK59428,00NMSCTest//Test
:86:Test Test
:61:0910201020CK67444,00NMSCTest//Test
:86:Test Test
:62F:C091020SEK12988743,24
:64:C091020SEK12988743,24

