ABNANL2A
940
ABNANL2A
:20:ABN AMRO BANK NV
:25:123456789
:28:23801/1
:60F:C190825EUR1111,10
:61:1908240824D5,34N426NONREF
:86:BEA   NR:YV7XDL   24.08.19/15.33 RESTAURANT IL SENSO MIDD,PAS263
:61:1908240824D2,95N426NONREF
:86:BEA   NR:CT409640 24.08.19/15.49 CCV*IJSSALON FRESCO MIDD,PAS263
:61:1908240824D6,45N426NONREF
:86:BEA   NR:CT440388 24.08.19/16.02 CCV*GEMEENTE MIDDELBUR M,PAS263
:62F:C190826EUR2222,20
-
ABNANL2A
940
ABNANL2A
:20:ABN AMRO BANK NV
:25:123456789
:28:24101/1
:60F:C190827EUR5555,20
:61:1908290829D8,25N426NONREF
:86:BEA   NR:CT393376 29.08.19/12.12 CCV*MCDONALDS HOOFDDOR H,PAS263
:62F:C190829EUR6666,83
-
